<record><leader>00000cas a2200000 a 4500</leader><controlfield tag="001">41284168</controlfield><controlfield tag="008">990430c19929999azuwr ne      0    0eng d</controlfield><datafield ind1=" " ind2=" " tag="010"><subfield code="a">sn 96060652 </subfield></datafield><datafield ind1=" " ind2=" " tag="040"><subfield code="a">ANN</subfield><subfield code="b">eng</subfield><subfield code="c">ANN</subfield><subfield code="d">NYS</subfield><subfield code="d">OCLCQ</subfield><subfield code="d">OCLCO</subfield></datafield><datafield ind1="1" ind2=" " tag="029"><subfield code="a">AU@</subfield><subfield code="b">000020125359</subfield></datafield><datafield ind1=" " ind2=" " tag="037"><subfield code="b">The Standard, 221 E. Beale St., Kingman, AZ 86401</subfield></datafield><datafield ind1=" " ind2=" " tag="042"><subfield code="a">msc</subfield></datafield><datafield ind1=" " ind2=" " tag="043"><subfield code="a">n-us-az</subfield></datafield><datafield ind1="0" ind2=" " tag="130"><subfield code="a">Standard (Kingman, Ariz.)</subfield></datafield><datafield ind1="1" ind2="4" tag="245"><subfield code="a">The standard.</subfield></datafield><datafield ind1="3" ind2="0" tag="246"><subfield code="a">Kingman standard</subfield></datafield><datafield ind1=" " ind2=" " tag="250"><subfield code="a">County ed.</subfield></datafield><datafield ind1=" " ind2=" " tag="260"><subfield code="a">Kingman, Ariz. :</subfield><subfield code="b">Don Wanner</subfield></datafield><datafield ind1=" " ind2=" " tag="300"><subfield code="a">v. :</subfield><subfield code="b">ill.</subfield></datafield><datafield ind1=" " ind2=" " tag="310"><subfield code="a">Weekly,</subfield><subfield code="b">&lt;Dec. 1993&gt;-</subfield></datafield><datafield ind1=" " ind2=" " tag="321"><subfield code="a">Semiweekly,</subfield><subfield code="b">1992-&lt;Nov. 1993&gt;</subfield></datafield><datafield ind1="1" ind2=" " tag="362"><subfield code="a">Began in 1992.</subfield></datafield><datafield ind1=" " ind2=" " tag="500"><subfield code="a">"County edition" appears in flag, July 18, 1998-</subfield></datafield><datafield ind1=" " ind2=" " tag="500"><subfield code="a">"The official newspaper of Mohave County."</subfield></datafield><datafield ind1=" " ind2=" " tag="588"><subfield code="a">Description based on: Vol. 2, no. 20 (June 20, 1992).</subfield></datafield><datafield ind1=" " ind2=" " tag="588"><subfield code="a">Latest issue consulted: Vol. 11, no. 10 (Feb. 14, 2001).</subfield></datafield><datafield ind1=" " ind2="0" tag="651"><subfield code="a">Kingman (Ariz.)</subfield><subfield code="v">Newspapers.</subfield></datafield><datafield ind1=" " ind2="0" tag="651"><subfield code="a">Mohave County (Ala.)</subfield><subfield code="v">Newspapers.</subfield></datafield><datafield ind1=" " ind2=" " tag="752"><subfield code="a">United States</subfield><subfield code="b">Arizona</subfield><subfield code="c">Mohave</subfield><subfield code="d">Kingman.</subfield></datafield><datafield ind1="0" ind2="0" tag="780"><subfield code="t">Kingman standard</subfield><subfield code="w">(DLC)sn 00060110</subfield></datafield></record>